<?xml version="1.0" encoding="UTF-8"?><collection xmlns="http://www.loc.gov/MARC21/slim"><record><leader>00388nam--2200145-i-4500</leader><controlfield tag="001">000036214</controlfield><controlfield tag="002">20161230</controlfield><controlfield tag="005">20161230201040</controlfield><controlfield tag="008">060222s1000------------r-----000-0-eng-d</controlfield><datafield ind1=" " ind2=" " tag="080"><subfield code="a">519.4:517.544</subfield></datafield><datafield ind1=" " ind2=" " tag="100"><subfield code="a">Narkiewicz, Wadysaw</subfield></datafield><datafield ind1=" " ind2=" " tag="245"><subfield code="a">Elementary and analytic theory of algebraic numbers</subfield></datafield><datafield ind1=" " ind2=" " tag="260"><subfield code="a">Warszawz, Pwn, 1974. 630p</subfield></datafield><datafield ind1=" " ind2=" " tag="490"><subfield code="a">Monografie Mathematyczne</subfield></datafield><datafield ind1=" " ind2=" " tag="852"><subfield code="a">41418</subfield></datafield></record></collection>